% Put you own bibliography entries in this file                  

@article{Thaler:2010tr,
 author = "Thaler, Jesse and Van Tilburg, Ken",
 title = "{Identifying Boosted Objects with N-subjettiness}",
 journal = "JHEP",
 volume = "03",
 year = "2011",
 pages = "015",
 doi = "10.1007/JHEP03(2011)015",
 eprint = "1011.2268",
 archivePrefix = "arXiv",
 primaryClass = "hep-ph",
 reportNumber = "MIT-CTP-4191",
 @Comment SLACcitation = "%%CITATION = ARXIV:1011.2268;%%"
}

@article{Almeida:2008yp,
 author = "Almeida, Leandro G. and Lee, Seung J. and Perez, Gilad, and Sterman, George F. and Sung, Ilmo and Virzi, Joseph",
 title = "{Substructure of high-$p_\text{T}$ Jets at the LHC}",
 journal = "Phys. Rev.",
 volume = "D79",
 year = "2009",
 pages = "074017",
 doi = "10.1103/PhysRevD.79.074017",
 eprint = "0807.0234",
 archivePrefix = "arXiv",
 primaryClass = "hep-ph",
 reportNumber = "YITP-SB-08-31",
 @Comment SLACcitation = "%%CITATION = ARXIV:0807.0234;%%"
}

@article{Moult:2016cvt,
 author = "Moult, Ian and Necib, Lina and Thaler, Jesse",
 title = "{New Angles on Energy Correlation Functions}",
 journal = "JHEP",
 volume = "12",
 year = "2016",
 pages = "153",
 doi = "10.1007/JHEP12(2016)153",
 eprint = "1609.07483",
 archivePrefix = "arXiv",
 primaryClass = "hep-ph",
 reportNumber = "MIT-CTP-4825",
 @Comment SLACcitation = "%%CITATION = ARXIV:1609.07483;%%"
}

@article{Chisholm:2016fzg,
 author         = "Chisholm, Andrew S. and Kuttimalai, Silvan and Nikolopoulos, Konstantinos and Spannowsky, Michael",
 title          = "{Measuring rare and exclusive Higgs boson decays into light resonances}",
 journal        = "Eur. Phys. J.",
 volume         = "C76",
 year           = "2016",
 number         = "9",
 pages          = "501",
 doi            = "10.1140/epjc/s10052-016-4345-9",
 eprint         = "1606.09177",
 archivePrefix  = "arXiv",
 primaryClass   = "hep-ph",
 reportNumber   = "IPPP-16-54-DCPT-16-108",
% SLACcitation   = "%%CITATION = ARXIV:1606.09177;%%"
}

@article{Alte:2016yuw,
 author         = "Alte, Stefan and König, Matthias and Neubert, Matthias",
 title          = "{Exclusive Weak Radiative Higgs Decays in the Standard Model and Beyond}",
 journal        = "JHEP",
 volume         = "12",
 year           = "2016",
 pages          = "037",
 doi            = "10.1007/JHEP12(2016)037",
 eprint         = "1609.06310",
 archivePrefix  = "arXiv",
 primaryClass   = "hep-ph",
 reportNumber   = "MITP-16-070",
 @Comment SLACcitation   = "%%CITATION = ARXIV:1609.06310;%%"
}

@article{Isidori:2013cla,
 author         = "Isidori, Gino and Manohar, Aneesh V. and Trott, Michael",
 title          = "{Probing the nature of the Higgs-like Boson via $h \to V\mathcal{F}$ decays}",
 journal        = "Phys. Lett.",
 volume         = "B728",
 year           = "2014",
 pages          = "131-135",
 doi            = "10.1016/j.physletb.2013.11.054",
 eprint         = "1305.0663",
 archivePrefix  = "arXiv",
 primaryClass   = "hep-ph",
 reportNumber   = "CERN-PH-TH-2013-159, CERN-PH-TH-159",
 @Comment SLACcitation   = "%%CITATION = ARXIV:1305.0663;%%"
}

@Article{Aaboud2018,
author="{The ATLAS collaboration}",
title="Search for exclusive Higgs and $Z$ boson decays to $\phi\gamma$ and $\rho\gamma$ with the ATLAS detector",
journal="Journal of High Energy Physics",
year="2018",
month="Jul",
day="19",
volume="2018",
number="7",
pages="127",
issn="1029-8479",
doi="10.1007/JHEP07(2018)127",
url="https://doi.org/10.1007/JHEP07(2018)127"
}

@article{2018134,
title = "Searches for exclusive Higgs and $Z$ boson decays into $J/\psi \gamma$, $\phi(2S)\gamma$, and $\Upsilon(nS)\gamma$ at $\sqrt{s}$=13 TeV with the ATLAS detector",
journal = "Physics Letters B",
volume = "786",
pages = "134 - 155",
year = "2018",
issn = "0370-2693",
doi = "https://doi.org/10.1016/j.physletb.2018.09.024",
url = "http://www.sciencedirect.com/science/article/pii/S037026931830724X",
author = "{The ATLAS collaboration}",
}

@article{Alioli:2010xd,
author         = "Alioli, Simone and Nason, Paolo and Oleari, Carlo and Re, Emanuele",
title          = "{A general framework for implementing NLO calculations in shower Monte Carlo programs: the POWHEG BOX}",
journal        = "JHEP",
volume         = "06",
year           = "2010",
pages          = "043",
doi            = "10.1007/JHEP06(2010)043",
eprint         = "1002.2581",
archivePrefix  = "arXiv",
primaryClass   = "hep-ph",
reportNumber   = "DESY-10-018, SFB-CPP-10-22, IPPP-10-11, DCPT-10-22",
@Comment SLACcitation   = "%%CITATION = ARXIV:1002.2581;%%"
}

@article{Frixione:2007vw,
author         = "Frixione, Stefano and Nason, Paolo and Oleari, Carlo",
title          = "{Matching NLO QCD computations with Parton Shower simulations: the POWHEG method}",
journal        = "JHEP",
volume         = "11",
year           = "2007",
pages          = "070",
doi            = "10.1088/1126-6708/2007/11/070",
eprint         = "0709.2092",
archivePrefix  = "arXiv",
primaryClass   = "hep-ph",
reportNumber   = "BICOCCA-FT-07-9, GEF-TH-21-2007",
@Comment SLACcitation   = "%%CITATION = ARXIV:0709.2092;%%"
}

@article{Nason:2004rx,
author         = "Nason, Paolo",
title          = "{A New method for combining NLO QCD with shower Monte Carlo algorithms}",
journal        = "JHEP",
volume         = "11",
year           = "2004",
pages          = "040",
doi            = "10.1088/1126-6708/2004/11/040",
eprint         = "hep-ph/0409146",
archivePrefix  = "arXiv",
primaryClass   = "hep-ph",
reportNumber   = "BICOCCA-FT-04-11",
@Comment SLACcitation   = "%%CITATION = HEP-PH/0409146;%%"
}

@article{Sjostrand:2007gs,
author         = "Sjostrand, Torbjorn and Mrenna, Stephen and Skands, Peter Z.",
title          = "{A Brief Introduction to PYTHIA 8.1}",
journal        = "Comput. Phys. Commun.",
volume         = "178",
year           = "2008",
pages          = "852-867",
doi            = "10.1016/j.cpc.2008.01.036",
eprint         = "0710.3820",
archivePrefix  = "arXiv",
primaryClass   = "hep-ph",
reportNumber   = "CERN-LCGAPP-2007-04, LU-TP-07-28,FERMILAB-PUB-07-512-CD-T",
@Comment SLACcitation   = "%%CITATION = ARXIV:0710.3820;%%"
}

@article{Aad:2014xaa,
author         = "Aad, Georges and others",
title          = "{Measurement of the $Z/\gamma^*$ boson transverse momentum distribution in $pp$ collisions at $\sqrt{s}$ = 7 TeV with the ATLAS detector}",
collaboration  = "ATLAS",
journal        = "JHEP",
volume         = "09",
year           = "2014",
pages          = "145",
doi            = "10.1007/JHEP09(2014)145",
eprint         = "1406.3660",
archivePrefix  = "arXiv",
primaryClass   = "hep-ex",
reportNumber   = "CERN-PH-EP-2014-075",
@Comment SLACcitation   = "%%CITATION = ARXIV:1406.3660;%%"
}

@article{Lai:2010vv,
author         = "Lai, Hung-Liang and Guzzi, Marco and Huston, Joey and Li, Zhao and Nadolsky, Pavel M. and Pumplin, Jon and Yuan, C.-P.",
title          = "{New parton distributions for collider physics}",
journal        = "Phys. Rev.",
volume         = "D82",
year           = "2010",
pages          = "074024",
doi            = "10.1103/PhysRevD.82.074024",
eprint         = "1007.2241",
archivePrefix  = "arXiv",
primaryClass   = "hep-ph",
reportNumber   = "MSUHEP-100707, SMU-HEP-10-10",
@Comment SLACcitation   = "%%CITATION = ARXIV:1007.2241;%%"
}

@Article{Aad2010,
author="{The ATLAS Collaboration}",
title="The ATLAS Simulation Infrastructure",
journal="The European Physical Journal C",
year="2010",
month="Dec",
day="01",
volume="70",
number="3",
pages="823--874",
issn="1434-6052",
doi="10.1140/epjc/s10052-010-1429-9",
url="https://doi.org/10.1140/epjc/s10052-010-1429-9"
}

@article{AGOSTINELLI2003250,
title = "Geant4—a simulation toolkit",
journal = "Nuclear Instruments and Methods in Physics Research Section A: Accelerators, Spectrometers, Detectors and Associated Equipment",
volume = "506",
number = "3",
pages = "250 - 303",
year = "2003",
issn = "0168-9002",
doi = "https://doi.org/10.1016/S0168-9002(03)01368-8",
url = "http://www.sciencedirect.com/science/article/pii/S0168900203013688",
}

@article{Cacciari:2007fd,
      author         = "Cacciari, Matteo and Salam, Gavin P.",
      title          = "{Pileup subtraction using jet areas}",
      journal        = "Phys. Lett.",
      volume         = "B659",
      year           = "2008",
      pages          = "119-126",
      doi            = "10.1016/j.physletb.2007.09.077",
      eprint         = "0707.1378",
      archivePrefix  = "arXiv",
      primaryClass   = "hep-ph",
      reportNumber   = "LPTHE-07-01",
      @Comment SLACcitation   = "%%CITATION = ARXIV:0707.1378;%%"
}

@article{Delaunay:2013pja,
author         = "Delaunay, Cédric and Golling, Tobias and Perez, Gilad and Soreq, Yotam",
title          = "{Enhanced Higgs boson coupling to charm pairs}",
journal        = "Phys. Rev.",
volume         = "D89",
year           = "2014",
number         = "3",
pages          = "033014",
doi            = "10.1103/PhysRevD.89.033014",
eprint         = "1310.7029",
archivePrefix  = "arXiv",
primaryClass   = "hep-ph",
reportNumber   = "CERN-PH-TH-2013-252, LAPTH-062-13",
@Comment SLACcitation   = "%%CITATION = ARXIV:1310.7029;%%"
}

@article{Branco:2011iw,
      author         = "Branco, G. C. and Ferreira, P. M. and Lavoura, L. and Rebelo, M. N. and Sher, Marc and Silva, Joao P.",
      title          = "{Theory and phenomenology of two-Higgs-doublet models}",
      journal        = "Phys. Rept.",
      volume         = "516",
      year           = "2012",
      pages          = "1-102",
      doi            = "10.1016/j.physrep.2012.02.002",
      eprint         = "1106.0034",
      archivePrefix  = "arXiv",
      primaryClass   = "hep-ph",
      @Comment SLACcitation   = "%%CITATION = ARXIV:1106.0034;%%"
}

@article{Babu:2001gp,
      author         = "Babu, K. S. and Mimura, Yukihiro",
      title          = "{Solving the muon problem in gauge mediated supersymmetry breaking models with flavor symmetry}",
      year           = "2001",
      eprint         = "hep-ph/0101046",
      archivePrefix  = "arXiv",
      primaryClass   = "hep-ph",
      reportNumber   = "OSU-HEP-01-01",
      @Comment SLACcitation   = "%%CITATION = HEP-PH/0101046;%%"
}

@article{Curtin:2013fra,
      author         = "Curtin, David and others",
      title          = "{Exotic decays of the 125 GeV Higgs boson}",
      journal        = "Phys. Rev.",
      volume         = "D90",
      year           = "2014",
      number         = "7",
      pages          = "075004",
      doi            = "10.1103/PhysRevD.90.075004",
      eprint         = "1312.4992",
      archivePrefix  = "arXiv",
      primaryClass   = "hep-ph",
      reportNumber   = "YITP-13-47, PITT-PACC-1314",
      @Comment SLACcitation   = "%%CITATION = ARXIV:1312.4992;%%"
}

@techreport{CMSa0Limitmumutautau,
      title         = "{Search for the exotic decay of the Higgs boson to two
                       light pseudoscalar bosons with two taus and two muons in
                       the final state at $\sqrt{s} = 8$ TeV}",
      institution   = "CERN",
      author        = "{CMS Collaboration}",
      address       = "Geneva",
      number        = "CMS-PAS-HIG-15-011",
      year          = "2016",
      reportNumber  = "CMS-PAS-HIG-15-011",
      url           = "https://cds.cern.ch/record/2128149"
}

@article{ATLASa0Limitmumutautau,
      author        = "{ATLAS Collaboration}",
      title         = "{Search for Higgs bosons decaying to aa in the $\mu\mu\tau\tau$ final state in pp collisions at $\sqrt{s}$=8 TeV with the ATLAS experiment}",
      journal        = "Phys. Rev.",
      volume         = "D92",
      year           = "2015",
      reportNumber   = "052002"
}

@article{ATLASa0Limitmumutautau,
      author        = "{ATLAS Collaboration}",
      title         = "{Search for Higgs bosons decaying to aa in the $\mu\mu\tau\tau$ final state in pp collisions at $\sqrt{s}$=8 TeV with the ATLAS experiment}",
      journal        = "Phys. Rev. D",
      volume         = "92",
      year           = "2015",
      reportNumber   = "052002"
}

@article{Aaboud:2016oyb,
      author         = "Aaboud, Morad and others",
      title          = "{Search for the Higgs boson produced in association with
                        a $W$ boson and decaying to four $b$-quarks via two
                        spin-zero particles in $pp$ collisions at 13 TeV with the
                        ATLAS detector}",
      collaboration  = "ATLAS",
      journal        = "Eur. Phys. J.",
      volume         = "C76",
      year           = "2016",
      number         = "11",
      pages          = "605",
      doi            = "10.1140/epjc/s10052-016-4418-9",
      eprint         = "1606.08391",
      archivePrefix  = "arXiv",
      primaryClass   = "hep-ex",
      reportNumber   = "CERN-EP-2016-135",
      SLACcitation   = "%%CITATION = ARXIV:1606.08391;%%"
}

@article{Abazov:2009yi,
      author         = "Abazov, V. M. and others",
      title          = "{Search for NMSSM Higgs bosons in the h ---> aa ---> mu
                        mu mu mu, mu mu tau tau channels using p anti-p collisions
                        at s**(1/2) = 1.96-TeV}",
      collaboration  = "D0",
      journal        = "Phys. Rev. Lett.",
      volume         = "103",
      year           = "2009",
      pages          = "061801",
      doi            = "10.1103/PhysRevLett.103.061801",
      eprint         = "0905.3381",
      archivePrefix  = "arXiv",
      primaryClass   = "hep-ex",
      reportNumber   = "FERMILAB-PUB-09-257-E",
      SLACcitation   = "%%CITATION = ARXIV:0905.3381;%%"
}

@techreport{CMSa0Limitmumubb,
      title         = "{Search for exotic decays of the Higgs boson to a pair of
                       new light bosons with two muon and two b jets in final
                       states}",
      institution   = "CERN",
      author        = "{CMS Collaboration}",
      address       = "Geneva",
      number        = "CMS-PAS-HIG-14-041",
      year          = "2016",
      reportNumber  = "CMS-PAS-HIG-14-041",
      url           = "https://cds.cern.ch/record/2135985",
}

@article{CMSa0Limittautautautau1,
      author         = "{CMS Collaboration}",
      title          = "{Search for a very light NMSSM Higgs boson produced in
                        decays of the 125 GeV scalar boson and decaying into
                        $\tau$ leptons in pp collisions at $\sqrt{s}=8$ TeV}",
      journal        = "JHEP",
      volume         = "01",
      year           = "2016",
      pages          = "079",
      doi            = "10.1007/JHEP01(2016)079",
      eprint         = "1510.06534",
      archivePrefix  = "arXiv",
      primaryClass   = "hep-ex",
      reportNumber   = "CMS-HIG-14-019, CERN-PH-EP-2015-264",
      SLACcitation   = "%%CITATION = ARXIV:1510.06534;%%"
}

@techreport{CMSa0Limittautautautau2,
      title         = "{Search for Higgs Decays to New Light Bosons in Boosted
                       Tau Final States}",
      institution   = "CERN",
      author        = "{CMS Collaboration}",
      address       = "Geneva",
      number        = "CMS-PAS-HIG-14-022",
      year          = "2015",
      reportNumber  = "CMS-PAS-HIG-14-022",
      url           = "https://cds.cern.ch/record/2058768",
}

@article{CMSa0Limitmumumumu,
      author         = "{CMS Collaboration}",
      title          = "{A search for pair production of new light bosons
                        decaying into muons}",
      journal        = "Phys. Lett.",
      volume         = "B752",
      year           = "2016",
      pages          = "146-168",
      doi            = "10.1016/j.physletb.2015.10.067",
      eprint         = "1506.00424",
      archivePrefix  = "arXiv",
      primaryClass   = "hep-ex",
      reportNumber   = "CMS-HIG-13-010, CERN-PH-EP-2015-116",
      SLACcitation   = "%%CITATION = ARXIV:1506.00424;%%"
}

@article{Aaboud:2018fvk,
      author         = "Aaboud, Morad and others",
      title          = "{Search for Higgs boson decays to
                        beyond-the-Standard-Model light bosons in four-lepton
                        events with the ATLAS detector at $\sqrt{s}=13$ TeV}",
      collaboration  = "ATLAS",
      journal        = "JHEP",
      volume         = "06",
      year           = "2018",
      pages          = "166",
      doi            = "10.1007/JHEP06(2018)166",
      eprint         = "1802.03388",
      archivePrefix  = "arXiv",
      primaryClass   = "hep-ex",
      reportNumber   = "CERN-EP-2017-293",
      SLACcitation   = "%%CITATION = ARXIV:1802.03388;%%"
}

@article{Aad:2014fxa,
      author         = "{ATLAS Collaboration}",
      title          = "{Electron reconstruction and identification efficiency
                        measurements with the ATLAS detector using the 2011 LHC
                        proton-proton collision data}",
      journal        = "Eur. Phys. J.",
      volume         = "C74",
      year           = "2014",
      number         = "7",
      pages          = "2941",
      doi            = "10.1140/epjc/s10052-014-2941-0",
      eprint         = "1404.2240",
      archivePrefix  = "arXiv",
      primaryClass   = "hep-ex",
      reportNumber   = "CERN-PH-EP-2014-040",
      @Comment SLACcitation   = "%%CITATION = ARXIV:1404.2240;%%"
}


@article{Aad:2014rra,
      author         = "{ATLAS Collaboration}",
      title          = "{Measurement of the muon reconstruction performance of
                        the ATLAS detector using 2011 and 2012 LHC proton–proton
                        collision data}",
      journal        = "Eur. Phys. J.",
      volume         = "C74",
      year           = "2014",
      number         = "11",
      pages          = "3130",
      doi            = "10.1140/epjc/s10052-014-3130-x",
      eprint         = "1407.3935",
      archivePrefix  = "arXiv",
      primaryClass   = "hep-ex",
      reportNumber   = "CERN-PH-EP-2014-151",
      @Comment SLACcitation   = "%%CITATION = ARXIV:1407.3935;%%"
}


@techreport{ATL-PHYS-PUB-2016-003,
      title         = "{Monte Carlo Generators for the Production of a $W$ or
                       $Z/\gamma^*$ Boson in Association with Jets at ATLAS in Run
                       2}",
      institution   = "CERN",
      address       = "Geneva",
      number        = "ATL-PHYS-PUB-2016-003",
      month         = "Jan",
      year          = "2016",
      reportNumber  = "ATL-PHYS-PUB-2016-003",
      url           = "https://cds.cern.ch/record/2120133",
}

@article{1126-6708-2009-02-007,
  author={T. Gleisberg and S. HÃ¶che and F. Krauss and M. SchÃ¶nherr and S. Schumann and F. Siegert and J. Winter},
  title={Event generation with SHERPA 1.1},
  journal={Journal of High Energy Physics},
  volume={2009},
  number={02},
  pages={007},
  url={http://stacks.iop.org/1126-6708/2009/i=02/a=007},
  year={2009}
}

@article{Ball:2012cx,
      author         = "Ball, Richard D. and others",
      title          = "{Parton distributions with LHC data}",
      journal        = "Nucl. Phys.",
      volume         = "B867",
      year           = "2013",
      pages          = "244-289",
      doi            = "10.1016/j.nuclphysb.2012.10.003",
      eprint         = "1207.1303",
      archivePrefix  = "arXiv",
      primaryClass   = "hep-ph",
      reportNumber   = "EDINBURGH-2012-08, IFUM-FT-997, FR-PHENO-2012-014,
                        RWTH-TTK-12-25, CERN-PH-TH-2012-037, SFB-CPP-12-47",
      @Comment SLACcitation   = "%%CITATION = ARXIV:1207.1303;%%"
}

@techreport{Butterworth:1287902,
      author        = "Butterworth, J and Dobson, E and Klein, U and Mellado
                       Garcia, B and Nunnemann, T and Qian, J and Rebuzzi, D and
                       Tanaka, R",
      title         = "{Single Boson and Diboson Production Cross Sections in pp
                       Collisions at sqrts=7 TeV}",
      institution   = "CERN",
      address       = "Geneva",
      number        = "ATL-COM-PHYS-2010-695",
      month         = "Aug",
      year          = "2010",
      reportNumber  = "ATL-COM-PHYS-2010-695",
      url           = "https://cds.cern.ch/record/1287902",
}

@techreport{ATL-PHYS-PUB-2017-005,
      title         = "{Multi-Boson Simulation for 13 TeV ATLAS Analyses}",
      institution   = "CERN",
      collaboration = "ATLAS Collaboration",
      address       = "Geneva",
      number        = "ATL-PHYS-PUB-2017-005",
      month         = "May",
      year          = "2017",
      reportNumber  = "ATL-PHYS-PUB-2017-005",
      url           = "https://cds.cern.ch/record/2261933",
}

@techreport{Masubuchi:2235437,
      author        = "Masubuchi, Tatsuya and Benitez, Jose and Bell, Andrew
                       Stuart and Argyropoulos, Spyridon and Arnold, Hannah and
                       Amaral Coutinho, Yara and Sanchez Pineda, Arturo Rodolfo
                       and Buzatu, Adrian and Calderini, Giovanni and Chan,
                       Stephen Kam-wah and Chen, Chunhui and Buckley, Andrew and
                       Buscher, Daniel and Delporte, Charles and De Lorenzi,
                       Francesco and De Vivie De Regie, Jean-Baptiste and Dao,
                       Valerio and Enari, Yuji and Francavilla, Paolo and Gaycken,
                       Goetz and Gray, Chloe and Grivaz, Jean-Francois and Hays,
                       Jonathan Michael and Hesketh, Gavin Grant and Hobbs, John
                       and Huth, John and Ishijima, Naoki and Kado, Marumi and
                       Kato, Chikuma and Li, Changqiao and Liu, Yanwen and
                       Marchiori, Giovanni and Ma, Lianliang and Ma, Yanhui and
                       Mallik, Usha and Mehta, Andrew and Montalbano, Alyssa and
                       Morange, Nicolas and Moser, Brian and Pandini, Carlo Enrico
                       and Piacquadio, Giacinto and Prell, Soeren and Robson,
                       Aidan and Scanlon, Tim and Schopf, Elisabeth and Sekula,
                       Stephen and Thompson, Paul and Tsybychev, Dmitri and Vergel
                       Infante, Carlos Miguel and Wang, Song-Ming and Wang, Wei
                       and Weiser, Christian and Yamaguchi, Yohei and Yang, Siqi
                       and Yu, Jie and Ahmadov, Faig and Gargiulo, Simona and Li,
                       Haifeng and Da Cunha Sargedas De Sousa, Mario Jose",
      title         = "{ Search for a Standard Model Higgs boson produced in
                       association with a vector boson and decaying to a pair of
                       $b$-quarks}",
      institution   = "CERN",
      address       = "Geneva",
      number        = "ATL-COM-PHYS-2016-1724",
      month         = "Nov",
      year          = "2016",
      reportNumber  = "ATL-COM-PHYS-2016-1724",
      url           = "https://cds.cern.ch/record/2235437",
}

@article{Ryd:2005zz,
author         = "Ryd, Anders and Lange, David and Kuznetsova, Natalia and Versille, Sophie and Rotondo, Marcello and Kirkby, David P. and Wuerthwein, Frank K. and Ishikawa, Akimasa",
title          = "{EvtGen: A Monte Carlo Generator for B-Physics}",
year           = "2005",
reportNumber   = "EVTGEN-V00-11-07"
@Comment SLACcitation   = "%%CITATION = EVTGEN-V00-11-07;%%"
}

@article{1748-0221-3-08-S08003,
author={The ATLAS Collaboration},
title={The ATLAS Experiment at the CERN Large Hadron Collider},
journal={Journal of Instrumentation},
volume={3},
number={08},
pages={S08003},
url={http://stacks.iop.org/1748-0221/3/i=08/a=S08003},
year={2008}
}

@techreport{Capeans:1291633,
author        = "Capeans, M and Darbo, G and Einsweiller, K and Elsing, M and Flick, T and Garcia-Sciveres, M and Gemme, C and Pernegger, H and Rohne, O and Vuillermet, R",
title         = "{ATLAS Insertable B-Layer Technical Design Report}",
collaboration = "ATLAS Collaboration",
number        = "CERN-LHCC-2010-013. ATLAS-TDR-19",
month         = "Sep",
year          = "2010",
reportNumber  = "CERN-LHCC-2010-013",
url           = "http://cds.cern.ch/record/1291633"
}

@article{Dittmaier:2011ti,
author         = "Dittmaier, S. and others",
title          = "{Handbook of LHC Higgs Cross Sections: 1. Inclusive Observables}",
collaboration  = "LHC Higgs Cross Section Working Group",
doi            = "10.5170/CERN-2011-002",
year           = "2011",
eprint         = "1101.0593",
archivePrefix  = "arXiv",
primaryClass   = "hep-ph",
reportNumber   = "CERN-2011-002",
@Comment SLACcitation   = "%%CITATION = ARXIV:1101.0593;%%"
}

@article{Dittmaier:2012vm,
author         = "Dittmaier, S. and others",
title          = "{Handbook of LHC Higgs Cross Sections: 2. Differential Distributions}",
doi            = "10.5170/CERN-2012-002",
year           = "2012",
eprint         = "1201.3084",
archivePrefix  = "arXiv",
primaryClass   = "hep-ph",
reportNumber   = "CERN-2012-002",
@Comment SLACcitation   = "%%CITATION = ARXIV:1201.3084;%%"
}

@article{Aaboud:2016hhf,
author         = "Aaboud, Morad and others",
title          = "{Luminosity determination in pp collisions at $\sqrt{s}$ = 8 TeV using the ATLAS detector at the LHC}",
collaboration  = "ATLAS",
journal        = "Eur. Phys. J.",
volume         = "C76",
year           = "2016",
number         = "12",
pages          = "653",
doi            = "10.1140/epjc/s10052-016-4466-1",
eprint         = "1608.03953",
archivePrefix  = "arXiv",
primaryClass   = "hep-ex",
reportNumber   = "CERN-EP-2016-117",
@Comment SLACcitation   = "%%CITATION = ARXIV:1608.03953;%%"
}


@article{LUCID2,
author="G. Avoni and others",
title="The new LUCID-2 detector for luminosity measurement and monitoring in ATLAS",
journal="JINST",
volume="13",
number="07",
pages="P07017",
doi="10.1088/1748-0221/13/07/P07017",
year="2018",
}


@article{TrigGlobalEfficiencyCorrectionTool,
author="ATLAS Collaboration",
title="https://twiki.cern.ch/twiki/bin/view/Atlas/TrigGlobalEfficiencyCorrectionTool",
year="2018",
url="https://twiki.cern.ch/twiki/bin/view/Atlas/TrigGlobalEfficiencyCorrectionTool",
urldate = {2019-04-04},
}


@article{MuonTriggerScaleFactors,
author="ATLAS Collaboration",
title="https://twiki.cern.ch/twiki/bin/view/Atlas/MuonTriggerPhysicsRecommendationsRel212017",
year="2019",
url="https://twiki.cern.ch/twiki/bin/view/Atlas/MuonTriggerPhysicsRecommendationsRel212017",
urldate = {2019-04-04},
}


@article{AsgElectronEfficiencyCorrectionTool,
author="ATLAS Collaboration",
title="https://twiki.cern.ch/twiki/bin/view/AtlasProtected/LatestRecommendationsElectronIDRun2",
year="2019",
url="https://twiki.cern.ch/twiki/bin/view/AtlasProtected/LatestRecommendationsElectronIDRun2",
urldate = {2019-04-04},
}


@techreport{Buttinger:2014726,
author        = "Buttinger, William",
title         = "{Using Event Weights to account for differences in Instantaneous Luminosity and Trigger Prescale in Monte Carlo and Data}",
institution   = "CERN",
address       = "Geneva",
number        = "ATL-COM-SOFT-2015-119",
month         = "May",
year          = "2015",
reportNumber  = "ATL-COM-SOFT-2015-119",
url           = "https://cds.cern.ch/record/2014726",
}


@article{JetUncertaintiesTool,
author="ATLAS Collaboration",
title="https://twiki.cern.ch/twiki/bin/view/AtlasProtected/JetUncertainties",
year="2018",
url="https://twiki.cern.ch/twiki/bin/view/AtlasProtected/JetUncertainties"
urldate = {2019-04-04},
}


@article{tracksystematics,
author="ATLAS Collaboration",
title="https://twiki.cern.ch/twiki/bin/view/AtlasProtected/TrackingCPRecsRun2Final",
year="2018",
url="https://twiki.cern.ch/twiki/bin/view/AtlasProtected/TrackingCPRecsRun2Final",
urldate = {2019-04-04},
}


@article{MuonEfficiencyScaleFactors,
author="ATLAS Collaboration",
title="https://twiki.cern.ch/twiki/bin/view/AtlasProtected/MCPAnalysisConsolidationMC16",
year="2019",
url="https://twiki.cern.ch/twiki/bin/view/AtlasProtected/MCPAnalysisConsolidationMC16",
urldate = {2019-04-04},
}


@article{JetUpdateJvt,
author="ATLAS Collaboration",
title="https://twiki.cern.ch/twiki/bin/view/AtlasProtected/JVTCalibrationRel21",
year="2018",
url="https://twiki.cern.ch/twiki/bin/view/AtlasProtected/JVTCalibrationRel21",
urldate = {2019-04-04},
}


@article{TrigDecisionTool,
author="ATLAS Collaboration",
title="https://twiki.cern.ch/twiki/bin/view/Atlas/TrigDecisionTool",
year="2018",
url="https://twiki.cern.ch/twiki/bin/view/Atlas/TrigDecisionTool",
urldate = {2019-04-04},
}


@article{MatchingTool,
author="ATLAS Collaboration",
title="https://twiki.cern.ch/twiki/bin/view/Atlas/XAODMatchingTool",
year="2016",
url="https://twiki.cern.ch/twiki/bin/view/Atlas/XAODMatchingTool",
urldate = {2019-04-04},
}


@article{DFCommonElectronsLHMedium,
author="ATLAS Collaboration",
title="https://twiki.cern.ch/twiki/bin/view/AtlasProtected/EGammaIdentificationRun2",
year="2019",
url="https://twiki.cern.ch/twiki/bin/view/AtlasProtected/EGammaIdentificationRun2#Electron_Identification",
urldate = {2019-04-04},
}


@article{IsolationSelectionTool,
author="ATLAS Collaboration",
title="https://twiki.cern.ch/twiki/bin/view/AtlasProtected/IsolationSelectionTool",
year="2019",
url="https://twiki.cern.ch/twiki/bin/view/AtlasProtected/IsolationSelectionTool",
urldate = {2019-04-04},
}


@article{MuonSelectionTool,
author="ATLAS Collaboration",
title="https://twiki.cern.ch/twiki/bin/view/Atlas/MuonSelectionToolR21",
year="2018",
url="https://twiki.cern.ch/twiki/bin/view/Atlas/MuonSelectionToolR21",
urldate = {2019-04-04},
}


@article{MuonEfficiencyScaleFactors,
author="ATLAS Collaboration",
title="https://twiki.cern.ch/twiki/bin/view/AtlasProtected/MCPAnalysisGuidelinesMC16",
year="2018",
url="https://twiki.cern.ch/twiki/bin/view/AtlasProtected/MCPAnalysisGuidelinesMC16#Muon_reconstruction_efficiency_s",
urldate = {2019-04-04},
}


@article{AsgElectronEfficiencyCorrectionTool,
author="ATLAS Collaboration",
title="https://twiki.cern.ch/twiki/bin/view/AtlasProtected/ElectronEfficiencyRun2",
year="2017",
url="https://twiki.cern.ch/twiki/bin/view/AtlasProtected/ElectronEfficiencyRun2",
urldate = {2019-04-04},
}


@article{JetCalibrationTool,
author="ATLAS Collaboration",
title="https://twiki.cern.ch/twiki/bin/view/AtlasProtected/ApplyJetCalibrationR21",
year="2019",
url="https://twiki.cern.ch/twiki/bin/view/AtlasProtected/ApplyJetCalibrationR21",
urldate = {2019-04-04},
}


@article{EgammaCalibrationAndSmearingTool,
author="ATLAS Collaboration",
title="https://twiki.cern.ch/twiki/bin/view/AtlasProtected/EGammaCalibrationRun2",
year="2016",
url="https://twiki.cern.ch/twiki/bin/view/AtlasProtected/EGammaCalibrationRun2",
urldate = {2019-04-04},
}


@article{MuonCalibrationAndSmearingTool,
author="ATLAS Collaboration",
title="https://twiki.cern.ch/twiki/bin/view/AtlasProtected/MCPAnalysisGuidelinesMC16",
year="2018",
url="https://twiki.cern.ch/twiki/bin/view/AtlasProtected/MCPAnalysisGuidelinesMC16#Momentum_corrections",
urldate = {2019-04-04},
}


@article{InDetTrackSelectionTool,
author="ATLAS Collaboration",
title="https://twiki.cern.ch/twiki/bin/view/AtlasProtected/InDetTrackSelectionTool",
year="2017",
url="https://twiki.cern.ch/twiki/bin/view/AtlasProtected/InDetTrackSelectionTool",
urldate = {2019-04-04},
}


@article{TrackVertexAssociationTool,
author="ATLAS Collaboration",
title="https://twiki.cern.ch/twiki/bin/view/AtlasProtected/TrackVertexAssociationTool",
year="2015",
url="https://twiki.cern.ch/twiki/bin/view/AtlasProtected/TrackVertexAssociationTool",
urldate = {2019-04-04},
}


@techreport{Adams:1743654,
author        = "Adams, D and Anastopoulos, C and Andreazza, A and Aoki, M and Asquith, L and Begel, M and Bernlochner, F and Blumenschein, U and Bocci, A and Cheatham, S and Davey, W and Delsart, P-A and DeViveiros, P-O and Dewhurst, A and Duschinger, D and Filthaut, F and Francavilla, P and Garberson, F and Head, S and Henrichs, A and Hoecker, A and Kagan, M and Kersevan, B and Khoo, TJ and Lenzi, B and Lopez Mateos, D and Malaescu, B and Marshall, Z and Martin, T and Meyer, C and Morley, A and Murray, W and zur Nedden, M and Nicolaidou, R and Pagan Griso, S and Pasztor, G and Petroff, P and Pizio, C and Polifka, R and Poveda, X and Reece, R and Ruehr, F and Salvatore, F and Sandstroem, R and Scanlon, T and Scheirich, D and Schramm, S and Schwartzman, A and Suruliz, K and Sutton, M and Thompson, E and Tripiana, M and Tuna, A and Viel, S and Vincter, M and Vivarelli, I and Wielers, M and Wildauer, A and Zinonos, Z",
title         = "{Recommendations of the Physics Objects and AnalysisHarmonisation Study Groups 2014}",
institution   = "CERN",
address       = "Geneva",
number        = "ATL-PHYS-INT-2014-018",
month         = "Jul",
year          = "2014",
reportNumber  = "ATL-PHYS-INT-2014-018",
url           = "https://cds.cern.ch/record/1743654",
}


@techreport{ATLAS-CONF-2015-029,
title         = "{Selection of jets produced in 13TeV proton-proton collisions with the ATLAS detector}",
institution   = "CERN",
address       = "Geneva",
number        = "ATLAS-CONF-2015-029",
month         = "Jul",
year          = "2015",
reportNumber  = "ATLAS-CONF-2015-029",
url           = "https://cds.cern.ch/record/2037702",
}


@article{Cowan:2010js,
author         = "Cowan, Glen and Cranmer, Kyle and Gross, Eilam and Vitells, Ofer",
title          = "{Asymptotic formulae for likelihood-based tests of new physics}",
journal        = "Eur. Phys. J.",
volume         = "C71",
year           = "2011",
pages          = "1554",
doi            = "10.1140/epjc/s10052-011-1554-0, 10.1140/epjc/s10052-013-2501-z",
note           = "[Erratum: Eur. Phys. J.C73,2501(2013)]",
eprint         = "1007.1727",
archivePrefix  = "arXiv",
primaryClass   = "physics.data-an",
@Comment SLACcitation   = "%%CITATION = ARXIV:1007.1727;%%"
}


@article{Read_2002,
doi = {10.1088/0954-3899/28/10/313},
url = {https://doi.org/10.1088%2F0954-3899%2F28%2F10%2F313},
year = 2002,
month = {sep},
publisher = {{IOP} Publishing},
volume = {28},
number = {10},
pages = {2693--2704},
author = {A L Read},
title = {Presentation of search results: {the $CL_s$ technique}},
journal = {Journal of Physics G: Nuclear and Particle Physics},
}


@article{xsecwg,
author="{\relax CERN Higgs Cross Section Working Group}",
title="https://twiki.cern.ch/twiki/bin/view/LHCPhysics/CERNYellowReportPageAt1314TeV2014",
year="2016",
url="https://twiki.cern.ch/twiki/bin/view/LHCPhysics/CERNYellowReportPageAt1314TeV2014",
urldate = {2019-04-04},
}


@article{pdgZBRs,
author="{\relax Particle Data Group}",
title="http://pdg.lbl.gov/2018/tables/rpp2018-sum-gauge-higgs-bosons.pdf",
year="2018",
url="http://pdg.lbl.gov/2018/tables/rpp2018-sum-gauge-higgs-bosons.pdf",
urldate = {2019-04-04},
}


@article{FAABCD,
author="W. Buttinger",
title="https://twiki.cern.ch/twiki/pub/Main/ABCDMethod/ABCDGuide\_draft18Oct18.pdf",
year="2018",
url="https://twiki.cern.ch/twiki/pub/Main/ABCDMethod/ABCDGuide_draft18Oct18.pdf",
urldate = {2019-04-04},
}

@article{Aaboud:2018esj,
author         = "Aaboud, Morad and others",
title          = "{Search for Higgs boson decays into a pair of light bosons in the $bb\mu\mu$ final state in $pp$ collision at $\sqrt{s} = $13 TeV with the ATLAS detector}",
collaboration  = "ATLAS",
journal        = "Phys. Lett.",
volume         = "B790",
year           = "2019",
pages          = "1-21",
doi            = "10.1016/j.physletb.2018.10.073",
eprint         = "1807.00539",
archivePrefix  = "arXiv",
primaryClass   = "hep-ex",
reportNumber   = "CERN-EP-2018-153",
SLACcitation   = "%%CITATION = ARXIV:1807.00539;%%"
}

@article{Aad:2015bua,
author         = "Aad, Georges and others",
title          = "{Search for new phenomena in events with at least three photons collected in $pp$ collisions at $\sqrt{s}$ = 8 TeV with the ATLAS detector}",
collaboration  = "ATLAS",
journal        = "Eur. Phys. J.",
volume         = "C76",
year           = "2016",
number         = "4",
pages          = "210",
doi            = "10.1140/epjc/s10052-016-4034-8",
eprint         = "1509.05051",
archivePrefix  = "arXiv",
primaryClass   = "hep-ex",
reportNumber   = "CERN-PH-EP-2015-187",
SLACcitation   = "%%CITATION = ARXIV:1509.05051;%%"
}

@article{Aaboud:2018gmx,
author         = "Aaboud, Morad and others",
title          = "{Search for Higgs boson decays into pairs of light (pseudo)scalar particles in the $\gamma\gamma jj$ final state in $pp$ collisions at $\sqrt{s}=13$ TeV with the ATLAS detector}",
collaboration  = "ATLAS",
journal        = "Phys. Lett.",
volume         = "B782",
year           = "2018",
pages          = "750-767",
doi            = "10.1016/j.physletb.2018.06.011",
eprint         = "1803.11145",
archivePrefix  = "arXiv",
primaryClass   = "hep-ex",
reportNumber   = "CERN-EP-2017-295",
SLACcitation   = "%%CITATION = ARXIV:1803.11145;%%"
}

@article{deFavereau:2013fsa,
author         = "de Favereau, J. and Delaere, C. and Demin, P. and Giammanco, A. and Lemaître, V. and Mertens, A. and Selvaggi, M.",
title          = "{DELPHES 3, A modular framework for fast simulation of a generic collider experiment}",
collaboration  = "DELPHES 3",
journal        = "JHEP",
volume         = "02",
year           = "2014",
pages          = "057",
doi            = "10.1007/JHEP02(2014)057",
eprint         = "1307.6346",
archivePrefix  = "arXiv",
primaryClass   = "hep-ex",
SLACcitation   = "%%CITATION = ARXIV:1307.6346;%%"
}

@article{Falkowski:2013dza,
      author         = "Falkowski, Adam and Riva, Francesco and Urbano, Alfredo",
      title          = "{Higgs at last}",
      journal        = "JHEP",
      volume         = "11",
      year           = "2013",
      pages          = "111",
      doi            = "10.1007/JHEP11(2013)111",
      eprint         = "1303.1812",
      archivePrefix  = "arXiv",
      primaryClass   = "hep-ph",
      SLACcitation   = "%%CITATION = ARXIV:1303.1812;%%"
}

@article{Aaboud:2018zhk,
      author         = "{ATLAS Collaboration}",
      title          = "{Observation of $H \rightarrow b\bar{b}$ decays and $VH$
                        production with the ATLAS detector}",
      collaboration  = "ATLAS",
      journal        = "Phys. Lett.",
      volume         = "B786",
      year           = "2018",
      pages          = "59-86",
      doi            = "10.1016/j.physletb.2018.09.013",
      eprint         = "1808.08238",
      archivePrefix  = "arXiv",
      primaryClass   = "hep-ex",
      reportNumber   = "CERN-EP-2018-215",
      SLACcitation   = "%%CITATION = ARXIV:1808.08238;%%"
}

@article{Sirunyan:2018mbx,
author         = "{CMS Collaboration}",
title          = "{Search for an exotic decay of the Higgs boson to a pair of light pseudoscalars in the final state of two muons and two $\tau$ leptons in proton-proton collisions at $\sqrt{s}=13 $ TeV}",
collaboration  = "CMS",
journal        = "JHEP",
volume         = "11",
year           = "2018",
pages          = "018",
doi            = "10.1007/JHEP11(2018)018",
eprint         = "1805.04865",
archivePrefix  = "arXiv",
primaryClass   = "hep-ex",
reportNumber   = "CMS-HIG-17-029, CERN-EP-2018-078",
SLACcitation   = "%%CITATION = ARXIV:1805.04865;%%"
}

@article{Khachatryan:2017mnf,
author         = "{CMS Collaboration}",
title          = "{Search for light bosons in decays of the 125 GeV Higgs boson in proton-proton collisions at $ \sqrt{s}=8 $ TeV}",
collaboration  = "CMS",
journal        = "JHEP",
volume         = "10",
year           = "2017",
pages          = "076",
doi            = "10.1007/JHEP10(2017)076",
eprint         = "1701.02032",
archivePrefix  = "arXiv",
primaryClass   = "hep-ex",
reportNumber   = "CMS-HIG-16-015, CERN-EP-2016-292",
SLACcitation   = "%%CITATION = ARXIV:1701.02032;%%"
}

@article{Sirunyan:2018kst,
author         = "{CMS Collaboration}",
title          = "{Observation of Higgs boson decay to bottom quarks}",
collaboration  = "CMS",
journal        = "Phys. Rev. Lett.",
volume         = "121",
year           = "2018",
number         = "12",
pages          = "121801",
doi            = "10.1103/PhysRevLett.121.121801",
eprint         = "1808.08242",
archivePrefix  = "arXiv",
primaryClass   = "hep-ex",
reportNumber   = "CMS-HIG-18-016, CERN-EP-2018-223",
SLACcitation   = "%%CITATION = ARXIV:1808.08242;%%"
}

@article{Sirunyan:2018hoz,
author         = "{CMS Collaboration}",
title          = "{Observation of $\mathrm{t\overline{t}}$H production}",
collaboration  = "CMS",
journal        = "Phys. Rev. Lett.",
volume         = "120",
year           = "2018",
number         = "23",
pages          = "231801",
doi            = "10.1103/PhysRevLett.120.231801",
eprint         = "1804.02610",
archivePrefix  = "arXiv",
primaryClass   = "hep-ex",
reportNumber   = "CMS-HIG-17-035, CERN-EP-2018-064",
SLACcitation   = "%%CITATION = ARXIV:1804.02610;%%"
}

@article{Dittmaier:2011ti,
author      = "{LHC Higgs Cross Section Working Group} and Dittmaier, S. and Mariotti, C. and Passarino, G. and Tanaka (Eds.), R.",
title         = "{Handbook of LHC Higgs Cross Sections: 1. Inclusive Observables}",
journal      = "CERN-2011-002",
year         = "CERN, Geneva, 2011",
eprint         = "1101.0593",
archivePrefix   = "arXiv",
primaryClass   = "hep-ph",
doi                  = "10.5170/CERN-2011-002",
SLACcitation   = "%%CITATION = ARXIV:1101.0593;%%",
}

@article{Aaboud:2018urx,
      author         = "{ATLAS Collaboration}",
      title          = "{Observation of Higgs boson production in association
                        with a top quark pair at the LHC with the ATLAS detector}",
      collaboration  = "ATLAS",
      journal        = "Phys. Lett.",
      volume         = "B784",
      year           = "2018",
      pages          = "173-191",
      doi            = "10.1016/j.physletb.2018.07.035",
      eprint         = "1806.00425",
      archivePrefix  = "arXiv",
      primaryClass   = "hep-ex",
      reportNumber   = "CERN-EP-2018-138",
      SLACcitation   = "%%CITATION = ARXIV:1806.00425;%%"
}

@article{PhysRevD.98.030001,
  title = "{Review of Particle Physics}",
  author = "{Particle Data Group}",
  collaboration = "{Particle Data Group}",
  journal = "{Phys. Rev. D}",
  volume = "{98}",
  issue = "{3}",
  pages = "{030001}",
  numpages = "{1898}",
  year = "{2018}",
  month = "{Aug}",
  publisher = "{American Physical Society}",
  doi = "{10.1103/PhysRevD.98.030001}",
  url = "{https://link.aps.org/doi/10.1103/PhysRevD.98.030001}"
}

@article{Bodwin:2013gca,
      author         = "Bodwin, Geoffrey T. and Petriello, Frank and Stoynev,
                        Stoyan and Velasco, Mayda",
      title          = "{Higgs boson decays to quarkonia and the $H\bar{c}c$
                        coupling}",
      journal        = "Phys. Rev.",
      volume         = "D88",
      year           = "2013",
      number         = "5",
      pages          = "053003",
      doi            = "10.1103/PhysRevD.88.053003",
      eprint         = "1306.5770",
      archivePrefix  = "arXiv",
      primaryClass   = "hep-ph"
}


@article{Kagan:2014ila,
author         = "Kagan, Alexander L. and Perez, Gilad and Petriello, Frank
and Soreq, Yotam and Stoynev, Stoyan and Zupan, Jure",
title          = "{Exclusive Window onto Higgs Yukawa Couplings}",
journal        = "Phys. Rev. Lett.",
volume         = "114",
year           = "2015",
number         = "10",
pages          = "101802",
doi            = "10.1103/PhysRevLett.114.101802",
eprint         = "1406.1722",
archivePrefix  = "arXiv",
primaryClass   = "hep-ph",
SLACcitation   = "%%CITATION = ARXIV:1406.1722;%%"
}

@article{Aaboud:2016rug,
      author         = "{ATLAS Collaboration}",
      title          = "{Search for Higgs and $Z$ Boson Decays to $\phi\,\gamma$
                        with the ATLAS Detector}",
      collaboration  = "ATLAS",
      journal        = "Phys. Rev. Lett.",
      volume         = "117",
      year           = "2016",
      number         = "11",
      pages          = "111802",
      doi            = "10.1103/PhysRevLett.117.111802",
      eprint         = "1607.03400",
      archivePrefix  = "arXiv",
      primaryClass   = "hep-ex",
      reportNumber   = "CERN-EP-2016-130"
}

@article{Aad:2015sda,
      author      = "{ATLAS Collaboration}",
      title      = "{Search for Higgs and Z Boson Decays to $J/\psi\gamma$ and
      $\Upsilon(nS)\gamma$ with the ATLAS Detector}",
      collaboration  = "ATLAS",
      journal      = "Phys. Rev. Lett.",
      volume      = "114",
      year      = "2015",
      number      = "12",
      pages      = "121801",
      doi      = "10.1103/PhysRevLett.114.121801",
      eprint      = "1501.03276",
      archivePrefix  = "arXiv",
      primaryClass   = "hep-ex",
      reportNumber   = "CERN-PH-EP-2014-294",
      SLACcitation   = "%%CITATION = ARXIV:1501.03276;%%"
}

@article{Aaboud:2018fhh,
      author         = "{ATLAS Collaboration}",
      title          = "{Search for the Decay of the Higgs Boson to Charm Quarks
                        with the ATLAS Experiment}",
      collaboration  = "ATLAS",
      journal        = "Phys. Rev. Lett.",
      volume         = "120",
      year           = "2018",
      number         = "21",
      pages          = "211802",
      doi            = "10.1103/PhysRevLett.120.211802",
      eprint         = "1802.04329",
      archivePrefix  = "arXiv",
      primaryClass   = "hep-ex",
      reportNumber   = "CERN-EP-2017-334",
      SLACcitation   = "%%CITATION = ARXIV:1802.04329;%%"
}

@article{PhysRevD.90.075004,
  title = "{Exotic decays of the 125 GeV Higgs boson}",
  author = "{D. Curtin et al.}",
  journal = "{Phys. Rev. D}",
  volume = "{90}",
  issue = "{7}",
  pages = "{075004}",
  numpages = "{91}",
  year = "{2014}",
  month = "{Oct}",
  publisher = "{American Physical Society}",
  doi = "{10.1103/PhysRevD.90.075004}",
  url = "{https://link.aps.org/doi/10.1103/PhysRevD.90.075004}"
}

@article{a0,
      author         = "{A. Belyaev et al.}",
      title          = "{LHC discovery potential of the lightest NMSSM Higgs in
                        the h1 $\to$ a1 a1 $\to$ 4 muons channel}",
      journal        = "Phys. Rev.",
      volume         = "D81",
      year           = "2010",
      pages          = "075021",
      doi            = "10.1103/PhysRevD.81.075021",
      eprint         = "1002.1956",
      archivePrefix  = "arXiv",
      primaryClass   = "hep-ph",
      SLACcitation   = "%%CITATION = ARXIV:1002.1956;%%"
}

@article{Gunion:2002zf,
      author         = "Gunion, John F. and Haber, Howard E.",
      title          = "{The CP conserving two Higgs doublet model: The Approach
                        to the decoupling limit}",
      journal        = "Phys. Rev.",
      volume         = "D67",
      year           = "2003",
      pages          = "075019",
      doi            = "10.1103/PhysRevD.67.075019",
      eprint         = "hep-ph/0207010",
      archivePrefix  = "arXiv",
      primaryClass   = "hep-ph",
      reportNumber   = "SCIPP-02-10",
      SLACcitation   = "%%CITATION = HEP-PH/0207010;%%"
}

@techreport{ATL-PHYS-PUB-2018-045,
author        = "{ATLAS Collaboration}",
title         = "{Exotic Higgs Decay Summary Plots}",
institution   = "CERN",
collaboration = "ATLAS Collaboration",
address       = "Geneva",
number        = "ATL-PHYS-PUB-2018-045",
month         = "Dec",
year          = "2018",
reportNumber  = "ATL-PHYS-PUB-2018-045",
url           = "http://cds.cern.ch/record/2650740",
}

@article{Aaboud:2018txb,
      author      = "{ATLAS Collaboration}",
      title      = "{Searches for exclusive Higgs and $Z$ boson decays into
      $J/\psi\gamma$, $\psi(2S)\gamma$, and $\Upsilon(nS)\gamma$
      at $\sqrt{s}=13$ TeV with the ATLAS detector}",
      collaboration  = "ATLAS",
      journal      = "Phys. Lett.",
      volume      = "B786",
      year      = "2018",
      pages      = "134-155",
      doi      = "10.1016/j.physletb.2018.09.024",
      eprint      = "1807.00802",
      archivePrefix  = "arXiv",
      primaryClass   = "hep-ex",
      reportNumber   = "CERN-EP-2018-154",
      SLACcitation   = "%%CITATION = ARXIV:1807.00802;%%"
}

@article{Aaboud:2017xnb,
      author      = "{ATLAS Collaboration}",
      title      = "{Search for exclusive Higgs and $Z$ boson decays to
      $\phi\gamma$ and $\rho\gamma$ with the ATLAS detector}",
      collaboration  = "ATLAS",
      journal      = "JHEP",
      volume      = "07",
      year      = "2018",
      pages      = "127",
      doi      = "10.1007/JHEP07(2018)127",
      eprint      = "1712.02758",
      archivePrefix  = "arXiv",
      primaryClass   = "hep-ex",
      reportNumber   = "CERN-EP-2017-273",
      SLACcitation   = "%%CITATION = ARXIV:1712.02758;%%"
}